<record><leader>00000cas a22000007a 4500</leader><controlfield tag="001">11101757</controlfield><controlfield tag="008">840829d1868187uiauwr ne      0    0eng d</controlfield><datafield ind1=" " ind2=" " tag="010"><subfield code="a">sn 84027409 </subfield></datafield><datafield ind1=" " ind2=" " tag="040"><subfield code="a">NPU</subfield><subfield code="b">eng</subfield><subfield code="c">NPU</subfield><subfield code="d">NPX</subfield><subfield code="d">INP</subfield><subfield code="d">OCLCQ</subfield></datafield><datafield ind1=" " ind2=" " tag="042"><subfield code="a">msc</subfield></datafield><datafield ind1="0" ind2=" " tag="130"><subfield code="a">West Liberty enterprise (West Liberty, Iowa : 1868)</subfield></datafield><datafield ind1="1" ind2="0" tag="245"><subfield code="a">West Liberty enterprise.</subfield></datafield><datafield ind1=" " ind2=" " tag="260"><subfield code="a">West Liberty, Iowa :</subfield><subfield code="b">Geo. Trumbo</subfield></datafield><datafield ind1=" " ind2=" " tag="300"><subfield code="a">v. ;</subfield><subfield code="c">71 cm.</subfield></datafield><datafield ind1=" " ind2=" " tag="310"><subfield code="a">Weekly</subfield></datafield><datafield ind1="1" ind2=" " tag="362"><subfield code="a">Began Apr. 4, 1868.</subfield><subfield code="z">Cf. Bibl. of Iowa newspapers.</subfield></datafield><datafield ind1=" " ind2=" " tag="500"><subfield code="a">"A Republican paper, devoted to the interests of Muscatine County."</subfield></datafield><datafield ind1=" " ind2=" " tag="588"><subfield code="a">Description based on: Vol. 4, no. 249 (Jan. 10, 1873).</subfield></datafield><datafield ind1=" " ind2=" " tag="752"><subfield code="a">United States</subfield><subfield code="b">Iowa</subfield><subfield code="c">Muscatine</subfield><subfield code="d">West Liberty.</subfield></datafield><datafield ind1="0" ind2="0" tag="785"><subfield code="t">Weekly enterprise (West Liberty, Iowa)</subfield><subfield code="w">(DLC)sn 87058214</subfield></datafield></record>